%YAML 1.1
%TAG !u! tag:unity3d.com,2011:
--- !u!1 &2410746469068840338
GameObject:
  m_ObjectHideFlags: 0
  m_CorrespondingSourceObject: {fileID: 0}
  m_PrefabInstance: {fileID: 0}
  m_PrefabAsset: {fileID: 0}
  serializedVersion: 6
  m_Component:
  - component: {fileID: 2410746469068840340}
  - component: {fileID: 2410746469068840341}
  - component: {fileID: 2410746469068840343}
  - component: {fileID: 2410746469068840342}
  m_Layer: 0
  m_Name: CM vcam1
  m_TagString: Untagged
  m_Icon: {fileID: 0}
  m_NavMeshLayer: 0
  m_StaticEditorFlags: 0
  m_IsActive: 1
--- !u!4 &2410746469068840340
Transform:
  m_ObjectHideFlags: 0
  m_CorrespondingSourceObject: {fileID: 0}
  m_PrefabInstance: {fileID: 0}
  m_PrefabAsset: {fileID: 0}
  m_GameObject: {fileID: 2410746469068840338}
  m_LocalRotation: {x: -0, y: -0, z: -0, w: 1}
  m_LocalPosition: {x: 0, y: 3, z: -8}
  m_LocalScale: {x: 1, y: 1, z: 1}
  m_Children:
  - {fileID: 2410746470392329543}
  m_Father: {fileID: 2410746470210618007}
  m_RootOrder: 0
  m_LocalEulerAnglesHint: {x: 10, y: 0, z: 0}
--- !u!114 &2410746469068840341
MonoBehaviour:
  m_ObjectHideFlags: 0
  m_CorrespondingSourceObject: {fileID: 0}
  m_PrefabInstance: {fileID: 0}
  m_PrefabAsset: {fileID: 0}
  m_GameObject: {fileID: 2410746469068840338}
  m_Enabled: 1
  m_EditorHideFlags: 0
  m_Script: {fileID: 11500000, guid: 45e653bab7fb20e499bda25e1b646fea, type: 3}
  m_Name: 
  m_EditorClassIdentifier: 
  m_ExcludedPropertiesInInspector:
  - m_Script
  m_LockStageInInspector: 
  m_StreamingVersion: 20170927
  m_Priority: 10
  m_StandbyUpdate: 2
  m_LookAt: {fileID: 2410746470210618007}
  m_Follow: {fileID: 2410746470210618007}
  m_Lens:
    FieldOfView: 60
    OrthographicSize: 5
    NearClipPlane: 0.3
    FarClipPlane: 1000
    Dutch: 0
    LensShift: {x: 0, y: 0}
  m_Transitions:
    m_BlendHint: 0
    m_InheritPosition: 0
    m_OnCameraLive:
      m_PersistentCalls:
        m_Calls: []
  m_LegacyBlendHint: 0
  m_ComponentOwner: {fileID: 2410746470392329543}
--- !u!20 &2410746469068840343
Camera:
  m_ObjectHideFlags: 0
  m_CorrespondingSourceObject: {fileID: 0}
  m_PrefabInstance: {fileID: 0}
  m_PrefabAsset: {fileID: 0}
  m_GameObject: {fileID: 2410746469068840338}
  m_Enabled: 1
  serializedVersion: 2
  m_ClearFlags: 2
  m_BackGroundColor: {r: 0, g: 0, b: 0, a: 0}
  m_projectionMatrixMode: 1
  m_GateFitMode: 2
  m_FOVAxisMode: 0
  m_SensorSize: {x: 36, y: 24}
  m_LensShift: {x: 0, y: 0}
  m_FocalLength: 50
  m_NormalizedViewPortRect:
    serializedVersion: 2
    x: 0
    y: 0
    width: 1
    height: 1
  near clip plane: 0.3
  far clip plane: 1000
  field of view: 60
  orthographic: 0
  orthographic size: 5
  m_Depth: 0
  m_CullingMask:
    serializedVersion: 2
    m_Bits: 4294967295
  m_RenderingPath: -1
  m_TargetTexture: {fileID: 0}
  m_TargetDisplay: 0
  m_TargetEye: 3
  m_HDR: 1
  m_AllowMSAA: 1
  m_AllowDynamicResolution: 0
  m_ForceIntoRT: 0
  m_OcclusionCulling: 1
  m_StereoConvergence: 10
  m_StereoSeparation: 0.022
--- !u!114 &2410746469068840342
MonoBehaviour:
  m_ObjectHideFlags: 0
  m_CorrespondingSourceObject: {fileID: 0}
  m_PrefabInstance: {fileID: 0}
  m_PrefabAsset: {fileID: 0}
  m_GameObject: {fileID: 2410746469068840338}
  m_Enabled: 1
  m_EditorHideFlags: 0
  m_Script: {fileID: 11500000, guid: 72ece51f2901e7445ab60da3685d6b5f, type: 3}
  m_Name: 
  m_EditorClassIdentifier: 
  m_ShowDebugText: 0
  m_ShowCameraFrustum: 1
  m_IgnoreTimeScale: 0
  m_WorldUpOverride: {fileID: 0}
  m_UpdateMethod: 2
  m_BlendUpdateMethod: 1
  m_DefaultBlend:
    m_Style: 1
    m_Time: 2
    m_CustomCurve:
      serializedVersion: 2
      m_Curve: []
      m_PreInfinity: 2
      m_PostInfinity: 2
      m_RotationOrder: 4
  m_CustomBlends: {fileID: 0}
  m_CameraCutEvent:
    m_PersistentCalls:
      m_Calls: []
  m_CameraActivatedEvent:
    m_PersistentCalls:
      m_Calls: []
--- !u!1 &2410746469600255128
GameObject:
  m_ObjectHideFlags: 0
  m_CorrespondingSourceObject: {fileID: 0}
  m_PrefabInstance: {fileID: 0}
  m_PrefabAsset: {fileID: 0}
  serializedVersion: 6
  m_Component:
  - component: {fileID: 2410746469600255130}
  - component: {fileID: 2410746469600255131}
  m_Layer: 0
  m_Name: PlayerHandeler
  m_TagString: Untagged
  m_Icon: {fileID: 0}
  m_NavMeshLayer: 0
  m_StaticEditorFlags: 0
  m_IsActive: 1
--- !u!4 &2410746469600255130
Transform:
  m_ObjectHideFlags: 0
  m_CorrespondingSourceObject: {fileID: 0}
  m_PrefabInstance: {fileID: 0}
  m_PrefabAsset: {fileID: 0}
  m_GameObject: {fileID: 2410746469600255128}
  m_LocalRotation: {x: -0, y: -0, z: -0, w: 1}
  m_LocalPosition: {x: -20, y: 0, z: 0}
  m_LocalScale: {x: 1, y: 1, z: 1}
  m_Children:
  - {fileID: 2410746470210618007}
  - {fileID: 2410746469647777984}
  - {fileID: 5791650690402589560}
  m_Father: {fileID: 0}
  m_RootOrder: 0
  m_LocalEulerAnglesHint: {x: 0, y: 0, z: 0}
--- !u!114 &2410746469600255131
MonoBehaviour:
  m_ObjectHideFlags: 0
  m_CorrespondingSourceObject: {fileID: 0}
  m_PrefabInstance: {fileID: 0}
  m_PrefabAsset: {fileID: 0}
  m_GameObject: {fileID: 2410746469600255128}
  m_Enabled: 1
  m_EditorHideFlags: 0
  m_Script: {fileID: 11500000, guid: c6c6373898cd04f4496e9d4e45a0ac22, type: 3}
  m_Name: 
  m_EditorClassIdentifier: 
  characters:
  - {fileID: 2410746469647777998}
  - {fileID: 5791650690402589562}
  activeCharacter: {fileID: 0}
  characterCounter: 0
--- !u!1 &2410746470210618004
GameObject:
  m_ObjectHideFlags: 0
  m_CorrespondingSourceObject: {fileID: 0}
  m_PrefabInstance: {fileID: 0}
  m_PrefabAsset: {fileID: 0}
  serializedVersion: 6
  m_Component:
  - component: {fileID: 2410746470210618007}
  - component: {fileID: 2410746470210618006}
  m_Layer: 0
  m_Name: CameraRotator1
  m_TagString: Untagged
  m_Icon: {fileID: 0}
  m_NavMeshLayer: 0
  m_StaticEditorFlags: 0
  m_IsActive: 1
--- !u!4 &2410746470210618007
Transform:
  m_ObjectHideFlags: 0
  m_CorrespondingSourceObject: {fileID: 0}
  m_PrefabInstance: {fileID: 0}
  m_PrefabAsset: {fileID: 0}
  m_GameObject: {fileID: 2410746470210618004}
  m_LocalRotation: {x: -0, y: -0, z: -0, w: 1}
  m_LocalPosition: {x: 0, y: 0, z: 0}
  m_LocalScale: {x: 1, y: 1, z: 1}
  m_Children:
  - {fileID: 2410746469068840340}
  m_Father: {fileID: 2410746469600255130}
  m_RootOrder: 0
  m_LocalEulerAnglesHint: {x: 0, y: 0, z: 0}
--- !u!114 &2410746470210618006
MonoBehaviour:
  m_ObjectHideFlags: 0
  m_CorrespondingSourceObject: {fileID: 0}
  m_PrefabInstance: {fileID: 0}
  m_PrefabAsset: {fileID: 0}
  m_GameObject: {fileID: 2410746470210618004}
  m_Enabled: 1
  m_EditorHideFlags: 0
  m_Script: {fileID: 11500000, guid: 311081c927e2103468b4940e57e0af9f, type: 3}
  m_Name: 
  m_EditorClassIdentifier: 
  speed: 15
  player: {fileID: 2410746469600255131}
--- !u!1 &2410746470392329540
GameObject:
  m_ObjectHideFlags: 0
  m_CorrespondingSourceObject: {fileID: 0}
  m_PrefabInstance: {fileID: 0}
  m_PrefabAsset: {fileID: 0}
  serializedVersion: 6
  m_Component:
  - component: {fileID: 2410746470392329543}
  - component: {fileID: 2410746470392329560}
  - component: {fileID: 2410746470392329561}
  - component: {fileID: 2410746470392329542}
  m_Layer: 0
  m_Name: cm
  m_TagString: Untagged
  m_Icon: {fileID: 0}
  m_NavMeshLayer: 0
  m_StaticEditorFlags: 0
  m_IsActive: 1
--- !u!4 &2410746470392329543
Transform:
  m_ObjectHideFlags: 0
  m_CorrespondingSourceObject: {fileID: 0}
  m_PrefabInstance: {fileID: 0}
  m_PrefabAsset: {fileID: 0}
  m_GameObject: {fileID: 2410746470392329540}
  m_LocalRotation: {x: 0.062445555, y: 0.7452446, z: -0.07048728, w: -0.6601081}
  m_LocalPosition: {x: -0.7472123, y: -0.37700713, z: 5.3415027}
  m_LocalScale: {x: 1, y: 1, z: 1}
  m_Children: []
  m_Father: {fileID: 2410746469068840340}
  m_RootOrder: 0
  m_LocalEulerAnglesHint: {x: 0, y: 0, z: 0}
--- !u!114 &2410746470392329560
MonoBehaviour:
  m_ObjectHideFlags: 0
  m_CorrespondingSourceObject: {fileID: 0}
  m_PrefabInstance: {fileID: 0}
  m_PrefabAsset: {fileID: 0}
  m_GameObject: {fileID: 2410746470392329540}
  m_Enabled: 1
  m_EditorHideFlags: 0
  m_Script: {fileID: 11500000, guid: ac0b09e7857660247b1477e93731de29, type: 3}
  m_Name: 
  m_EditorClassIdentifier: 
--- !u!114 &2410746470392329561
MonoBehaviour:
  m_ObjectHideFlags: 0
  m_CorrespondingSourceObject: {fileID: 0}
  m_PrefabInstance: {fileID: 0}
  m_PrefabAsset: {fileID: 0}
  m_GameObject: {fileID: 2410746470392329540}
  m_Enabled: 1
  m_EditorHideFlags: 0
  m_Script: {fileID: 11500000, guid: fa7155796051b734daa718462081dc5f, type: 3}
  m_Name: 
  m_EditorClassIdentifier: 
  m_BindingMode: 3
  m_FollowOffset: {x: 0, y: 3, z: -8}
  m_XDamping: 1
  m_YDamping: 1
  m_ZDamping: 1
  m_AngularDampingMode: 0
  m_PitchDamping: 0
  m_YawDamping: 0
  m_RollDamping: 0
  m_AngularDamping: 0
--- !u!114 &2410746470392329542
MonoBehaviour:
  m_ObjectHideFlags: 0
  m_CorrespondingSourceObject: {fileID: 0}
  m_PrefabInstance: {fileID: 0}
  m_PrefabAsset: {fileID: 0}
  m_GameObject: {fileID: 2410746470392329540}
  m_Enabled: 1
  m_EditorHideFlags: 0
  m_Script: {fileID: 11500000, guid: 3c9beda531928fc40968802117a5d256, type: 3}
  m_Name: 
  m_EditorClassIdentifier: 
  m_RecenterTarget: 1
  m_VerticalAxis:
    Value: 0
    m_SpeedMode: 0
    m_MaxSpeed: 300
    m_AccelTime: 0.1
    m_DecelTime: 0.1
    m_InputAxisName: 
    m_InputAxisValue: 0
    m_InvertInput: 1
    m_MinValue: -70
    m_MaxValue: 70
    m_Wrap: 0
    m_Recentering:
      m_enabled: 0
      m_WaitTime: 1
      m_RecenteringTime: 2
      m_LegacyHeadingDefinition: -1
      m_LegacyVelocityFilterStrength: -1
  m_VerticalRecentering:
    m_enabled: 0
    m_WaitTime: 1
    m_RecenteringTime: 2
    m_LegacyHeadingDefinition: -1
    m_LegacyVelocityFilterStrength: -1
  m_HorizontalAxis:
    Value: 0
    m_SpeedMode: 0
    m_MaxSpeed: 300
    m_AccelTime: 0.1
    m_DecelTime: 0.1
    m_InputAxisName: 
    m_InputAxisValue: 0
    m_InvertInput: 0
    m_MinValue: -180
    m_MaxValue: 180
    m_Wrap: 1
    m_Recentering:
      m_enabled: 0
      m_WaitTime: 1
      m_RecenteringTime: 2
      m_LegacyHeadingDefinition: -1
      m_LegacyVelocityFilterStrength: -1
  m_HorizontalRecentering:
    m_enabled: 0
    m_WaitTime: 1
    m_RecenteringTime: 2
    m_LegacyHeadingDefinition: -1
    m_LegacyVelocityFilterStrength: -1
  m_ApplyBeforeBody: 0
--- !u!1001 &110265807690919921
PrefabInstance:
  m_ObjectHideFlags: 0
  serializedVersion: 2
  m_Modification:
    m_TransformParent: {fileID: 5791650690402589560}
    m_Modifications:
    - target: {fileID: 9011565176115529584, guid: f1084e6ef48b52340916f22e2f6d6627, type: 3}
      propertyPath: m_Name
      value: CharacterHud (1)
      objectReference: {fileID: 0}
    - target: {fileID: 9011565176115529585, guid: f1084e6ef48b52340916f22e2f6d6627, type: 3}
      propertyPath: m_RootOrder
      value: 1
      objectReference: {fileID: 0}
    - target: {fileID: 9011565176115529585, guid: f1084e6ef48b52340916f22e2f6d6627, type: 3}
      propertyPath: m_LocalPosition.x
      value: 0
      objectReference: {fileID: 0}
    - target: {fileID: 9011565176115529585, guid: f1084e6ef48b52340916f22e2f6d6627, type: 3}
      propertyPath: m_LocalPosition.y
      value: 1.3
      objectReference: {fileID: 0}
    - target: {fileID: 9011565176115529585, guid: f1084e6ef48b52340916f22e2f6d6627, type: 3}
      propertyPath: m_LocalPosition.z
      value: 0
      objectReference: {fileID: 0}
    - target: {fileID: 9011565176115529585, guid: f1084e6ef48b52340916f22e2f6d6627, type: 3}
      propertyPath: m_LocalRotation.w
      value: 1
      objectReference: {fileID: 0}
    - target: {fileID: 9011565176115529585, guid: f1084e6ef48b52340916f22e2f6d6627, type: 3}
      propertyPath: m_LocalRotation.x
      value: 0
      objectReference: {fileID: 0}
    - target: {fileID: 9011565176115529585, guid: f1084e6ef48b52340916f22e2f6d6627, type: 3}
      propertyPath: m_LocalRotation.y
      value: 0
      objectReference: {fileID: 0}
    - target: {fileID: 9011565176115529585, guid: f1084e6ef48b52340916f22e2f6d6627, type: 3}
      propertyPath: m_LocalRotation.z
      value: 0
      objectReference: {fileID: 0}
    - target: {fileID: 9011565176115529585, guid: f1084e6ef48b52340916f22e2f6d6627, type: 3}
      propertyPath: m_LocalEulerAnglesHint.x
      value: 0
      objectReference: {fileID: 0}
    - target: {fileID: 9011565176115529585, guid: f1084e6ef48b52340916f22e2f6d6627, type: 3}
      propertyPath: m_LocalEulerAnglesHint.y
      value: 0
      objectReference: {fileID: 0}
    - target: {fileID: 9011565176115529585, guid: f1084e6ef48b52340916f22e2f6d6627, type: 3}
      propertyPath: m_LocalEulerAnglesHint.z
      value: 0
      objectReference: {fileID: 0}
    - target: {fileID: 9011565176115529598, guid: f1084e6ef48b52340916f22e2f6d6627, type: 3}
      propertyPath: camera
      value: 
      objectReference: {fileID: 2410746469068840343}
    - target: {fileID: 9011565176554166573, guid: f1084e6ef48b52340916f22e2f6d6627, type: 3}
      propertyPath: m_Camera
      value: 
      objectReference: {fileID: 2410746469068840343}
    m_RemovedComponents: []
  m_SourcePrefab: {fileID: 100100000, guid: f1084e6ef48b52340916f22e2f6d6627, type: 3}
--- !u!1001 &3419000827886330868
PrefabInstance:
  m_ObjectHideFlags: 0
  serializedVersion: 2
  m_Modification:
    m_TransformParent: {fileID: 2410746469600255130}
    m_Modifications:
    - target: {fileID: 9156566524121184396, guid: b8f0f39f563710447845c96ca371a869, type: 3}
      propertyPath: m_RootOrder
      value: 2
      objectReference: {fileID: 0}
    - target: {fileID: 9156566524121184396, guid: b8f0f39f563710447845c96ca371a869, type: 3}
      propertyPath: m_LocalPosition.x
      value: 1
      objectReference: {fileID: 0}
    - target: {fileID: 9156566524121184396, guid: b8f0f39f563710447845c96ca371a869, type: 3}
      propertyPath: m_LocalPosition.y
      value: 0
      objectReference: {fileID: 0}
    - target: {fileID: 9156566524121184396, guid: b8f0f39f563710447845c96ca371a869, type: 3}
      propertyPath: m_LocalPosition.z
      value: 1
      objectReference: {fileID: 0}
    - target: {fileID: 9156566524121184396, guid: b8f0f39f563710447845c96ca371a869, type: 3}
      propertyPath: m_LocalRotation.w
      value: 1
      objectReference: {fileID: 0}
    - target: {fileID: 9156566524121184396, guid: b8f0f39f563710447845c96ca371a869, type: 3}
      propertyPath: m_LocalRotation.x
      value: -0
      objectReference: {fileID: 0}
    - target: {fileID: 9156566524121184396, guid: b8f0f39f563710447845c96ca371a869, type: 3}
      propertyPath: m_LocalRotation.y
      value: -0
      objectReference: {fileID: 0}
    - target: {fileID: 9156566524121184396, guid: b8f0f39f563710447845c96ca371a869, type: 3}
      propertyPath: m_LocalRotation.z
      value: -0
      objectReference: {fileID: 0}
    - target: {fileID: 9156566524121184396, guid: b8f0f39f563710447845c96ca371a869, type: 3}
      propertyPath: m_LocalEulerAnglesHint.x
      value: 0
      objectReference: {fileID: 0}
    - target: {fileID: 9156566524121184396, guid: b8f0f39f563710447845c96ca371a869, type: 3}
      propertyPath: m_LocalEulerAnglesHint.y
      value: 0
      objectReference: {fileID: 0}
    - target: {fileID: 9156566524121184396, guid: b8f0f39f563710447845c96ca371a869, type: 3}
      propertyPath: m_LocalEulerAnglesHint.z
      value: 0
      objectReference: {fileID: 0}
    - target: {fileID: 9156566524121184397, guid: b8f0f39f563710447845c96ca371a869, type: 3}
      propertyPath: cameraRotator
      value: 
      objectReference: {fileID: 2410746470210618007}
    - target: {fileID: 9156566524121184398, guid: b8f0f39f563710447845c96ca371a869, type: 3}
      propertyPath: m_Name
      value: Player (1)
      objectReference: {fileID: 0}
    m_RemovedComponents: []
  m_SourcePrefab: {fileID: 100100000, guid: b8f0f39f563710447845c96ca371a869, type: 3}
--- !u!1 &5791650690402589562 stripped
GameObject:
  m_CorrespondingSourceObject: {fileID: 9156566524121184398, guid: b8f0f39f563710447845c96ca371a869, type: 3}
  m_PrefabInstance: {fileID: 3419000827886330868}
  m_PrefabAsset: {fileID: 0}
--- !u!4 &5791650690402589560 stripped
Transform:
  m_CorrespondingSourceObject: {fileID: 9156566524121184396, guid: b8f0f39f563710447845c96ca371a869, type: 3}
  m_PrefabInstance: {fileID: 3419000827886330868}
  m_PrefabAsset: {fileID: 0}
--- !u!1001 &6653295951136159425
PrefabInstance:
  m_ObjectHideFlags: 0
  serializedVersion: 2
  m_Modification:
    m_TransformParent: {fileID: 2410746469600255130}
    m_Modifications:
    - target: {fileID: 8670629170778551161, guid: 61c62219ec2d796438a0406bf1fd7f15, type: 3}
      propertyPath: m_Camera
      value: 
      objectReference: {fileID: 2410746469068840343}
    - target: {fileID: 9016752149184509440, guid: 61c62219ec2d796438a0406bf1fd7f15, type: 3}
      propertyPath: cameraRotator
      value: 
      objectReference: {fileID: 2410746470210618007}
    - target: {fileID: 9016752149184509441, guid: 61c62219ec2d796438a0406bf1fd7f15, type: 3}
      propertyPath: m_RootOrder
      value: 1
      objectReference: {fileID: 0}
    - target: {fileID: 9016752149184509441, guid: 61c62219ec2d796438a0406bf1fd7f15, type: 3}
      propertyPath: m_LocalPosition.x
      value: 0
      objectReference: {fileID: 0}
    - target: {fileID: 9016752149184509441, guid: 61c62219ec2d796438a0406bf1fd7f15, type: 3}
      propertyPath: m_LocalPosition.y
      value: 0
      objectReference: {fileID: 0}
    - target: {fileID: 9016752149184509441, guid: 61c62219ec2d796438a0406bf1fd7f15, type: 3}
      propertyPath: m_LocalPosition.z
      value: 0
      objectReference: {fileID: 0}
    - target: {fileID: 9016752149184509441, guid: 61c62219ec2d796438a0406bf1fd7f15, type: 3}
      propertyPath: m_LocalRotation.w
      value: 1
      objectReference: {fileID: 0}
    - target: {fileID: 9016752149184509441, guid: 61c62219ec2d796438a0406bf1fd7f15, type: 3}
      propertyPath: m_LocalRotation.x
      value: -0
      objectReference: {fileID: 0}
    - target: {fileID: 9016752149184509441, guid: 61c62219ec2d796438a0406bf1fd7f15, type: 3}
      propertyPath: m_LocalRotation.y
      value: -0
      objectReference: {fileID: 0}
    - target: {fileID: 9016752149184509441, guid: 61c62219ec2d796438a0406bf1fd7f15, type: 3}
      propertyPath: m_LocalRotation.z
      value: -0
      objectReference: {fileID: 0}
    - target: {fileID: 9016752149184509441, guid: 61c62219ec2d796438a0406bf1fd7f15, type: 3}
      propertyPath: m_LocalEulerAnglesHint.x
      value: 0
      objectReference: {fileID: 0}
    - target: {fileID: 9016752149184509441, guid: 61c62219ec2d796438a0406bf1fd7f15, type: 3}
      propertyPath: m_LocalEulerAnglesHint.y
      value: 0
      objectReference: {fileID: 0}
    - target: {fileID: 9016752149184509441, guid: 61c62219ec2d796438a0406bf1fd7f15, type: 3}
      propertyPath: m_LocalEulerAnglesHint.z
      value: 0
      objectReference: {fileID: 0}
    - target: {fileID: 9016752149184509455, guid: 61c62219ec2d796438a0406bf1fd7f15, type: 3}
      propertyPath: m_Name
      value: Player
      objectReference: {fileID: 0}
    m_RemovedComponents: []
  m_SourcePrefab: {fileID: 100100000, guid: 61c62219ec2d796438a0406bf1fd7f15, type: 3}
--- !u!1 &2410746469647777998 stripped
GameObject:
  m_CorrespondingSourceObject: {fileID: 9016752149184509455, guid: 61c62219ec2d796438a0406bf1fd7f15, type: 3}
  m_PrefabInstance: {fileID: 6653295951136159425}
  m_PrefabAsset: {fileID: 0}
--- !u!4 &2410746469647777984 stripped
Transform:
  m_CorrespondingSourceObject: {fileID: 9016752149184509441, guid: 61c62219ec2d796438a0406bf1fd7f15, type: 3}
  m_PrefabInstance: {fileID: 6653295951136159425}
  m_PrefabAsset: {fileID: 0}
